@book{Broswimmer1999,
  author = {Broswimmer, F. J.},
  title = {Ecocide and modernity: Elements of a history and sociology of mass extinction of species},
  publisher = {University of Hawai'i at Manoa},
  year = {1999}
}

@article{Filguiera2017,
  author = {Filguiera, R. and Krause, A. and Atkinson, M. and Klampanos, I. and Moreno, A.},
  title = {dispel4py: A python framework for data-intensive scientific computing},
  journal = {The International Journal of High Performance Computing Applications},
  volume = {31},
  number = {4},
  pages = {316-334},
  year = {2017},
  doi = {10.1177/1094342016662327}
}

@article{McKellar1997,
  author = {McKellar, R. C.},
  title = {A heterogeneous population model for the analysis of bacterial growth kinetics},
  journal = {International Journal of Food Microbiology},
  volume = {36},
  number = {2-3},
  pages = {179-186},
  year = {1997},
  doi = {10.1016/S0168-1605(97)01227-9}
}

@article{MitchellOlds1987,
  author = {Mitchell‐Olds, T. and Shaw, R. G.},
  title = {Regression analysis of natural selection: Statistical inference and biological interpretation},
  journal = {Evolution},
  volume = {41},
  number = {6},
  pages = {1149-1161},
  year = {1987},
  doi = {10.2307/2409084}
}

@article{MorenoGamez2020,
  author = {Moreno-Gámez, S. and Kiviet, D. J. and Vulin, C. and Schlegel, S. and Schlegel, K. and van Doorn, G. S. and Ackermann, M.},
  title = {Wide lag time distributions break a trade-off between reproduction and survival in bacteria},
  journal = {Proceedings of the National Academy of Sciences},
  volume = {117},
  number = {31},
  pages = {18729-18736},
  year = {2020},
  doi = {10.1073/pnas.1918985117}
}

@book{Motulsky2004,
  author = {Motulsky, H. and Christopoulos, A.},
  title = {Fitting models to biological data using linear and nonlinear regression: A practical guide to curve fitting},
  publisher = {Oxford University Press},
  year = {2004}
}

@article{Nguyen2021,
  author = {Nguyen, J. and Lara-Gutiérrez, J. and Stocker, R.},
  title = {Environmental fluctuations and their effects on microbial communities, populations and individuals},
  journal = {FEMS Microbiology Reviews},
  volume = {45},
  number = {4},
  pages = {fuaa068},
  year = {2021},
  doi = {10.1093/femsre/fuaa068}
}

@article{OConnor2007,
  author = {O'Connor, M. P. and Kemp, S. J. and Agosta, S. J. and Hansen, F. and Sieg, A. E. and Wallace, B. P. and Dunham, A. E.},
  title = {Reconsidering the mechanistic basis of the metabolic theory of ecology},
  journal = {Oikos},
  volume = {116},
  number = {6},
  pages = {1058-1072},
  year = {2007},
  doi = {10.1111/j.0030-1299.2007.15592.x}
}

@article{Pender1998,
  author = {Pender, J. L.},
  title = {Population growth, agricultural intensification, induced innovation and natural resource sustainability: An application of neoclassical growth theory},
  journal = {Agricultural Economics},
  volume = {19},
  number = {1-2},
  pages = {99-112},
  year = {1998},
  doi = {10.1016/S0169-5150(98)00027-5}
}

@article{Sokol2022,
  author = {Sokol, N. W. and Slessarev, E. and Marschmann, G. L. and others},
  title = {Life and death in the soil microbiome: How ecological processes influence biogeochemistry},
  journal = {Nature Reviews Microbiology},
  volume = {20},
  pages = {415-430},
  year = {2022},
  doi = {10.1038/s41579-022-00695-z}
}
